@misc{django,
  author = {Django Project},
  title = {Django},
  year = {n.d.},
  note = {\url{https://www.djangoproject.com/}}
}

@misc{flask,
  author = {Pallets},
  title = {Flask},
  year = {n.d.},
  note = {\url{https://flask.palletsprojects.com/}}
}

@misc{express,
  author = {Express.js},
  title = {Express},
  year = {n.d.},
  note = {\url{https://expressjs.com/}}
}

@misc{koa,
  author = {Koa.js Team},
  title = {Koa},
  year = {n.d.},
  note = {\url{https://koajs.com/}}
}

@misc{springboot,
  author = {Pivotal Software},
  title = {Spring Boot},
  year = {n.d.},
  note = {\url{https://spring.io/projects/spring-boot}}
}

@misc{jsf,
  author = {Oracle Corporation},
  title = {JavaServer Faces},
  year = {n.d.},
  note = {\url{https://www.oracle.com/java/technologies/javaserverfaces.html}}
}
